<?xml version="1.0" encoding="UTF-8"?><collection xmlns="http://www.loc.gov/MARC21/slim"><record><leader>00559nam--2200181-i-4500</leader><controlfield tag="001">000042351</controlfield><controlfield tag="002">20161230</controlfield><controlfield tag="005">20161230201043</controlfield><controlfield tag="008">060222s1000------------r-----000-0-fre-d</controlfield><datafield ind1=" " ind2=" " tag="040"><subfield code="a">IFIN-HH</subfield></datafield><datafield ind1=" " ind2=" " tag="041"><subfield code="a">fre</subfield></datafield><datafield ind1=" " ind2=" " tag="080"><subfield code="a">539.142.2:539.163.2</subfield></datafield><datafield ind1="1" ind2=" " tag="100"><subfield code="a">Soyeur, Madeleine</subfield></datafield><datafield ind1="1" ind2="0" tag="245"><subfield code="a">Description de premiers etats des noyaux de masse a=28 dans le cadre du modele en couches a partir d'interactions effectives</subfield><subfield code="b">These</subfield><subfield code="c">Madeleine soyeur</subfield></datafield><datafield ind1=" " ind2=" " tag="260"><subfield code="a">Paris</subfield><subfield code="b">Universite</subfield><subfield code="c">1975</subfield></datafield><datafield ind1=" " ind2=" " tag="300"><subfield code="a">203 P</subfield></datafield><datafield ind1=" " ind2=" " tag="852"><subfield code="a">44893</subfield><subfield code="c">539.14</subfield></datafield><datafield ind1=" " ind2=" " tag="CAT"><subfield code="a">Sys</subfield><subfield code="c">20120403</subfield><subfield code="h">135755</subfield></datafield></record></collection>